% This file was created with JabRef 2.4.
% Encoding: Cp1252

@inproceedings{da2015survey,
  title={Survey on frameworks for distributed computing: Hadoop, spark and storm},
  author={da Silva Morais, Telmo},
  booktitle={Proceedings of the 10th Doctoral Symposium in Informatics Engineering-DSIE},
  volume={15},
  year={2015}
}
